@article{blanchette2010affect,
  title={The influence of affect on higher-level cognition: A review of research on interpretation, judgment, decision making and reasoning},
  author={Blanchette, Isabelle and Richards, Anne},
  journal={Cognition and Emotion},
  volume={24},
  number={4},
  pages={561--595},
  year={2010},
  publisher={Taylor \& Francis}
}

@article{goel2003emotion,
  title={Explaining modulation of reasoning by emotion},
  author={Goel, Vinod and Dolan, Raymond J},
  journal={Cognition},
  volume={87},
  number={1},
  pages={B11--B22},
  year={2003},
  publisher={Elsevier}
}

@inproceedings{cramer2021modus,
  title={When are humans reasoning with Modus Tollens?},
  author={Cramer, Marcus and HÃ¶lldobler, Steffen and Ragni, Marco},
  booktitle={Proceedings of the 43rd Annual Conference of the Cognitive Science Society},
  pages={2337--2343},
  year={2021}
}

@book{orwell1949,
  title={Nineteen Eighty-Four},
  author={Orwell, George},
  year={1949},
  publisher={Secker \& Warburg}
}

@article{khemlani2018facts,
  title={Facts and possibilities: A model-based theory of sentential reasoning},
  author={Khemlani, Sangeet S and Byrne, Ruth MJ and Johnson-Laird, Philip N},
  journal={Cognitive Science},
  volume={42},
  number={6},
  pages={1880--1924},
  year={2018},
  publisher={Wiley Online Library}
}
